% Slammer Worm in IEEE Security & Privacy - Casi reali bug memory unsafe
@article{slammer_worm,
  author = {{David Moore and Vern Paxson and Stefan Savage and Colleen Shannon and Stuart Staniford and Nicholas Weaver}},
  title = {{Inside the Slammer Worm}},
  journal = {{IEEE Security \& Privacy}},
  volume = 1,
  number = 4,
  pages = {33-39},
  year = 2003,
}

% Slammer Worm in IEEE Security & Privacy - Casi reali bug memory unsafe
@article{meaning_memory_safety,
  author    = {Arthur Azevedo de Amorim and Cătălin Hriţcu and Benjamin C. Pierce},
  title     = {The Meaning of Memory Safety},
  booktitle = {Principles of Security and Trust},
  editor    = {Gilles Barthe and Cătălina Cămara and David Pichardie},
  publisher = {Springer International Publishing},
  series    = {Lecture Notes in Computer Science},
  volume    = {10804},
  pages     = {79--105},
  year      = {2018},
  doi       = {10.1007/978-3-319-89722-6_4},
  note      = {ISBN 978-3-319-89721-9},
}

% Website "The Memory Safety Continuum"
@misc{memory_safety_continuum,
  title = {{The Memory Safety Continuum}},
  author = {{Nell Shamrell-Harrington, Avishay Balter, Gabriel Dos Reis, David Edelsohn, Charles C Palmer, Joshua J. Drake, David A. Wheeler, Andrew Fryer and Rich Lander}},
  howpublished = {\url{https://memorysafety.openssf.org/memory-safety-continuum/}},
  note = {{Open Source Security Foundation (OpenSSF)}},
}

% Definizione di Memory Safety secondo OpenSSF - The Memory Safety Continuum
@misc{memory_safety_continuum_definition,
  title = {{The Memory Safety Continuum}},
  author = {{Open Source Security Foundation (OpenSSF)}},
  howpublished = {\url{https://github.com/ossf/Memory-Safety/blob/main/docs/definitions.md}},
}

% Definizione di Memory Safety Wikipedia
@misc{wikipedia_definition,
  title = {{Memory Safety}},
  author = {{Wikipedia}},
  howpublished = {\url{https://en.wikipedia.org/wiki/Memory_safety}},
}

% Microsoft "A proactive approach to more secure code" blog article
@misc{microsoft_proactive_approach,
  title = {{A proactive approach to more secure code}},
  author = {{Microsoft}},
  howpublished = {\url{https://msrc.microsoft.com/blog/2019/07/a-proactive-approach-to-more-secure-code/}},
  year = {2019},
  month = jul
}

% Chromium "Memory Safety" blog article
@misc{chromium_memory_safety,
  title = {{Memory Safety}},
  author = {{Chromium}},
  howpublished = {\url{https://www.chromium.org/Home/chromium-security/memory-safety/}},
}